<?xml version="1.0" encoding="UTF-8"?><record xmlns="http://www.loc.gov/MARC21/slim" xmlns:cinclude="http://apache.org/cocoon/include/1.0" xmlns:zs="http://www.loc.gov/zing/srw/">
  <leader>00427cz  a2200133n  4500</leader>
  <controlfield tag="001">n  94060050 </controlfield>
  <controlfield tag="003">DLC</controlfield>
  <controlfield tag="005">19941007173137.5</controlfield>
  <controlfield tag="008">940622n| acannaab|          |a aaa |||  </controlfield>
  <datafield tag="010" ind1=" " ind2=" ">
    <subfield code="a">n  94060050 </subfield>
  </datafield>
  <datafield tag="040" ind1=" " ind2=" ">
    <subfield code="a">DLC</subfield>
    <subfield code="c">DLC</subfield>
    <subfield code="d">DLC</subfield>
  </datafield>
  <datafield tag="100" ind1="1" ind2="0">
    <subfield code="a">Kelly, Joe,</subfield>
    <subfield code="d">1947-</subfield>
    <subfield code="t">Greatest ever little trivia book</subfield>
  </datafield>
  <datafield tag="400" ind1="1" ind2="0">
    <subfield code="a">Kelly, Joe,</subfield>
    <subfield code="d">1947-</subfield>
    <subfield code="t">Joe Kelly's greatest ever little trivia book</subfield>
  </datafield>
  <datafield tag="670" ind1=" " ind2=" ">
    <subfield code="a">Joe Kelly's greatest ever little trivia book, c1993.</subfield>
  </datafield>
</record>